@article{coibion2012can,
	title={What can survey forecasts tell us about information rigidities?},
	author={Coibion, Olivier and Gorodnichenko, Yuriy},
	journal={Journal of Political Economy},
	volume={120},
	number={1},
	pages={116--159},
	year={2012},
	publisher={University of Chicago Press Chicago, IL}
}

@article{manski2004measuring,
	title={Measuring expectations},
	author={Manski, Charles F},
	journal={Econometrica},
	volume={72},
	number={5},
	pages={1329--1376},
	year={2004},
	publisher={Wiley Online Library}
}


@article{coibion2018firms,
	title={How do firms form their expectations? new survey evidence},
	author={Coibion, Olivier and Gorodnichenko, Yuriy and Kumar, Saten},
	journal={American Economic Review},
	volume={108},
	number={9},
	pages={2671--2713},
	year={2018}
}


@article{reis2006inattentive,
	title={Inattentive consumers},
	author={Reis, Ricardo},
	journal={Journal of monetary Economics},
	volume={53},
	number={8},
	pages={1761--1800},
	year={2006},
	publisher={Elsevier}
}

@article{carroll2003macroeconomic,
	title={Macroeconomic expectations of households and professional forecasters},
	author={Carroll, Christopher D},
	journal={the Quarterly Journal of economics},
	volume={118},
	number={1},
	pages={269--298},
	year={2003},
	publisher={MIT Press}
}

@article{gabaix2014sparsity,
	title={A sparsity-based model of bounded rationality},
	author={Gabaix, Xavier},
	journal={The Quarterly Journal of Economics},
	volume={129},
	number={4},
	pages={1661--1710},
	year={2014},
	publisher={MIT Press}
}

@article{sims2003implications,
	title={Implications of rational inattention},
	author={Sims, Christopher A},
	journal={Journal of monetary Economics},
	volume={50},
	number={3},
	pages={665--690},
	year={2003},
	publisher={Elsevier}
}

@article{bordalo2018diagnostic,
	title={Diagnostic expectations and credit cycles},
	author={Bordalo, Pedro and Gennaioli, Nicola and Shleifer, Andrei},
	journal={The Journal of Finance},
	volume={73},
	number={1},
	pages={199--227},
	year={2018},
	publisher={Wiley Online Library}
}

@article{mankiw2003disagreement,
	title={Disagreement about inflation expectations},
	author={Mankiw, N Gregory and Reis, Ricardo and Wolfers, Justin},
	journal={NBER macroeconomics annual},
	volume={18},
	pages={209--248},
	year={2003},
	publisher={MIT Press}
}


@article{reis2006inattentive,
	title={Inattentive consumers},
	author={Reis, Ricardo},
	journal={Journal of monetary Economics},
	volume={53},
	number={8},
	pages={1761--1800},
	year={2006},
	publisher={Elsevier}
}

@article{carroll2003macroeconomic,
	title={Macroeconomic expectations of households and professional forecasters},
	author={Carroll, Christopher D},
	journal={the Quarterly Journal of economics},
	volume={118},
	number={1},
	pages={269--298},
	year={2003},
	publisher={MIT Press}
}

@article{gabaix2014sparsity,
	title={A sparsity-based model of bounded rationality},
	author={Gabaix, Xavier},
	journal={The Quarterly Journal of Economics},
	volume={129},
	number={4},
	pages={1661--1710},
	year={2014},
	publisher={MIT Press}
}

@article{sims2003implications,
	title={Implications of rational inattention},
	author={Sims, Christopher A},
	journal={Journal of monetary Economics},
	volume={50},
	number={3},
	pages={665--690},
	year={2003},
	publisher={Elsevier}
}

@article{bordalo2018diagnostic,
	title={Diagnostic expectations and credit cycles},
	author={Bordalo, Pedro and Gennaioli, Nicola and Shleifer, Andrei},
	journal={The Journal of Finance},
	volume={73},
	number={1},
	pages={199--227},
	year={2018},
	publisher={Wiley Online Library}
}


@book{hansen2008robustness,
	title={Robustness},
	author={Hansen, Lars Peter and Sargent, Thomas J},
	year={2008},
	publisher={Princeton university press}
}

@article{hansen2001robust,
	title={Robust control and model uncertainty},
	author={Hansen, LarsPeter and Sargent, Thomas J},
	journal={American Economic Review},
	volume={91},
	number={2},
	pages={60--66},
	year={2001}
}


@book{evans2012learning,
	title={Learning and expectations in macroeconomics},
	author={Evans, George W and Honkapohja, Seppo},
	year={2012},
	publisher={Princeton University Press}
}

@article{malmendier2015learning,
	title={Learning from inflation experiences},
	author={Malmendier, Ulrike and Nagel, Stefan},
	journal={The Quarterly Journal of Economics},
	volume={131},
	number={1},
	pages={53--87},
	year={2015},
	publisher={Oxford University Press}
}

@article{angeletos2009incomplete,
	title={Incomplete information, higher-order beliefs and price inertia},
	author={Angeletos, George-Marios and Jennifer, Laâ€™O},
	journal={Journal of Monetary Economics},
	volume={56},
	pages={S19--S37},
	year={2009},
	publisher={Elsevier}
}

@article{armantier2017overview,
	title={An overview of the Survey of Consumer Expectations},
	author={Armantier, Olivier and Topa, Giorgio and Van der Klaauw, Wilbert and Zafar, Basit},
	journal={Economic Policy Review},
	number={23-2},
	pages={51--72},
	year={2017}
}

@article{fuhrer2018intrinsic,
	title={Intrinsic expectations persistence: evidence from professional and household survey expectations},
	author={Fuhrer, Jeffrey C},
	year={2018},
	publisher={FRB of Boston Working Paper}
}

@article{delavande2014probabilistic,
	title={Probabilistic expectations in developing countries},
	author={Delavande, Adeline},
	journal={Annu. Rev. Econ.},
	volume={6},
	number={1},
	pages={1--20},
	year={2014},
	publisher={Annual Reviews}
}

@article{engelberg2009comparing,
	title={Comparing the point predictions and subjective probability distributions of professional forecasters},
	author={Engelberg, Joseph and Manski, Charles F and Williams, Jared},
	journal={Journal of Business \& Economic Statistics},
	volume={27},
	number={1},
	pages={30--41},
	year={2009},
	publisher={Taylor \& Francis}
}

@article{morris2002social,
	title={Social value of public information},
	author={Morris, Stephen and Shin, Hyun Song},
	journal={american economic review},
	volume={92},
	number={5},
	pages={1521--1534},
	year={2002}
}


@article{hellwig2009knowing,
	title={Knowing what others know: Coordination motives in information acquisition},
	author={Hellwig, Christian and Veldkamp, Laura},
	journal={The Review of Economic Studies},
	volume={76},
	number={1},
	pages={223--251},
	year={2009},
	publisher={Wiley-Blackwell}
}

@techreport{woodford2001imperfect,
	title={Imperfect common knowledge and the effects of monetary policy},
	author={Woodford, Michael},
	year={2001},
	institution={National Bureau of Economic Research}
}

@article{lucas1972expectations,
	title={Expectations and the Neutrality of Money},
	author={Lucas Jr, Robert E},
	journal={Journal of economic theory},
	volume={4},
	number={2},
	pages={103--124},
	year={1972},
	publisher={Citeseer}
}

@techreport{coibion2019monetary,
	title={Monetary policy communications and their effects on household inflation expectations},
	author={Coibion, Olivier and Gorodnichenko, Yuriy and Weber, Michael},
	year={2019},
	institution={National Bureau of Economic Research}
}

@article{nordhaus1987forecasting,
	title={Forecasting efficiency: concepts and applications},
	author={Nordhaus, William D},
	journal={The Review of Economics and Statistics},
	pages={667--674},
	year={1987},
	publisher={JSTOR}
}
