@article{reis2006inattentive,
  title={Inattentive consumers},
  author={Reis, Ricardo},
  journal={Journal of monetary Economics},
  volume={53},
  number={8},
  pages={1761--1800},
  year={2006},
  publisher={Elsevier}
}

@article{carroll2003macroeconomic,
	title={Macroeconomic expectations of households and professional forecasters},
	author={Carroll, Christopher D},
	journal={the Quarterly Journal of economics},
	volume={118},
	number={1},
	pages={269--298},
	year={2003},
	publisher={MIT Press}
}

@article{gabaix2014sparsity,
	title={A sparsity-based model of bounded rationality},
	author={Gabaix, Xavier},
	journal={The Quarterly Journal of Economics},
	volume={129},
	number={4},
	pages={1661--1710},
	year={2014},
	publisher={MIT Press}
}

@article{sims2003implications,
title={Implications of rational inattention},
author={Sims, Christopher A},
journal={Journal of monetary Economics},
volume={50},
number={3},
pages={665--690},
year={2003},
publisher={Elsevier}
}

@article{bordalo2018diagnostic,
	title={Diagnostic expectations and credit cycles},
	author={Bordalo, Pedro and Gennaioli, Nicola and Shleifer, Andrei},
	journal={The Journal of Finance},
	volume={73},
	number={1},
	pages={199--227},
	year={2018},
	publisher={Wiley Online Library}
}

@article{coibion2018firms,
	title={How do firms form their expectations? new survey evidence},
	author={Coibion, Olivier and Gorodnichenko, Yuriy and Kumar, Saten},
	journal={American Economic Review},
	volume={108},
	number={9},
	pages={2671--2713},
	year={2018}
}

@book{evans2012learning,
	title={Learning and expectations in macroeconomics},
	author={Evans, George W and Honkapohja, Seppo},
	year={2012},
	publisher={Princeton University Press}
}

@article{mankiw2003disagreement,
	title={Disagreement about inflation expectations},
	author={Mankiw, N Gregory and Reis, Ricardo and Wolfers, Justin},
	journal={NBER macroeconomics annual},
	volume={18},
	pages={209--248},
	year={2003},
	publisher={MIT Press}
}

@article{coibion2012can,
	title={What can survey forecasts tell us about information rigidities?},
	author={Coibion, Olivier and Gorodnichenko, Yuriy},
	journal={Journal of Political Economy},
	volume={120},
	number={1},
	pages={116--159},
	year={2012},
	publisher={University of Chicago Press Chicago, IL}
}

@book{hansen2008robustness,
	title={Robustness},
	author={Hansen, Lars Peter and Sargent, Thomas J},
	year={2008},
	publisher={Princeton university press}
}


@article{hansen2001robust,
	title={Robust control and model uncertainty},
	author={Hansen, LarsPeter and Sargent, Thomas J},
	journal={American Economic Review},
	volume={91},
	number={2},
	pages={60--66},
	year={2001}
}

@article{malmendier2015learning,
	title={Learning from inflation experiences},
	author={Malmendier, Ulrike and Nagel, Stefan},
	journal={The Quarterly Journal of Economics},
	volume={131},
	number={1},
	pages={53--87},
	year={2015},
	publisher={Oxford University Press}
}

@article{manski2004measuring,
	title={Measuring expectations},
	author={Manski, Charles F},
	journal={Econometrica},
	volume={72},
	number={5},
	pages={1329--1376},
	year={2004},
	publisher={Wiley Online Library}
}

@article{angeletos2009incomplete,
	title={Incomplete information, higher-order beliefs and price inertia},
	author={Angeletos, George-Marios and Jennifer, Laâ€™O},
	journal={Journal of Monetary Economics},
	volume={56},
	pages={S19--S37},
	year={2009},
	publisher={Elsevier}
}



